@misc{bitcoin,
  title        = {Bitcoin: {A} peer-to-peer electronic cash system},
  author       = {Nakamoto, Satoshi},
  year         = {2009},
  howpublished = {\url{https://bitcoin.org/bitcoin.pdf}}
}

@misc{ethereum,
  title        = {A {Next}-{Generation} {Smart} {Contract} and {Decentralized} {Application} {Platform}},
  author       = {Buterin, Vitalik},
  year         = {2014},
  howpublished = {\url{https://ethereum.org/en/whitepaper/}}
}
